<?xml version="1.0"?>
<marc:collection xmlns:marc="http://www.loc.gov/MARC21/slim" xmlns:xsi="http://www.w3.org/2001/XMLSchema-instance" xsi:schemaLocation="http://www.loc.gov/MARC21/slim http://www.loc.gov/standards/marcxml/schema/MARC21slim.xsd">
   <marc:record type="Bibliographic">
      <marc:leader>02709cam a2200493 i 4500</marc:leader>
      <marc:controlfield tag="001">174763</marc:controlfield>
      <marc:controlfield tag="003">NjP</marc:controlfield>
      <marc:controlfield tag="005">20130613135501.0</marc:controlfield>
      <marc:controlfield tag="008">830912s1929    sy            000 0 arard</marc:controlfield>
      <marc:datafield tag="024" ind1="7" ind2=" ">
         <marc:subfield code="a">princeton_aco000139</marc:subfield>
         <marc:subfield code="2">local</marc:subfield>
      </marc:datafield>
      <marc:datafield tag="010" ind1=" " ind2=" ">
         <marc:subfield code="a">   77214115 </marc:subfield>
      </marc:datafield>
      <marc:datafield tag="035" ind1=" " ind2=" ">
         <marc:subfield code="a">(OCoLC)ocn175901074</marc:subfield>
      </marc:datafield>
      <marc:datafield tag="035" ind1=" " ind2=" ">
         <marc:subfield code="a">(OCoLC)78644742</marc:subfield>
      </marc:datafield>
      <marc:datafield tag="040" ind1=" " ind2=" ">
         <marc:subfield code="a">PUL</marc:subfield>
         <marc:subfield code="c">PUL</marc:subfield>
         <marc:subfield code="d">PUL</marc:subfield>
      </marc:datafield>
      <marc:datafield tag="035" ind1=" " ind2=" ">
         <marc:subfield code="a">(OCoLC)175901074</marc:subfield>
      </marc:datafield>
      <marc:datafield tag="035" ind1=" " ind2=" ">
         <marc:subfield code="a">(CStRLIN)NJPG83-B61576</marc:subfield>
      </marc:datafield>
      <marc:datafield tag="035" ind1=" " ind2=" ">
         <marc:subfield code="9">AAY9647TS</marc:subfield>
      </marc:datafield>
      <marc:datafield tag="035" ind1=" " ind2=" ">
         <marc:subfield code="a">(NjP)174763</marc:subfield>
      </marc:datafield>
      <marc:datafield tag="050" ind1="0" ind2="4">
         <marc:subfield code="a">PJ6696.Z8</marc:subfield>
         <marc:subfield code="b">S9 1929</marc:subfield>
      </marc:datafield>
      <marc:datafield tag="079" ind1=" " ind2=" ">
         <marc:subfield code="a">ocm78644742</marc:subfield>
      </marc:datafield>
      <marc:datafield tag="049" ind1=" " ind2=" ">
         <marc:subfield code="a">PULL</marc:subfield>
      </marc:datafield>
      <marc:datafield tag="100" ind1="0" ind2=" ">
         <marc:subfield code="6">880-01</marc:subfield>
         <marc:subfield code="a">Suyu&#x304;t&#x323;i&#x304;,</marc:subfield>
         <marc:subfield code="d">1445-1505.</marc:subfield>
      </marc:datafield>
      <marc:datafield tag="245" ind1="1" ind2="3">
         <marc:subfield code="6">880-02</marc:subfield>
         <marc:subfield code="a">al-Mutawakkili&#x304; fi&#x304;ma&#x304; warada fi&#x304; al-Qur&#x2BC;a&#x304;n bi-al-lughah al-H&#x323;abashi&#x304;yah wa-al-Fa&#x304;risi&#x304;yah wa-al-Hindi&#x304;yah wa-al-Turki&#x304;yah wa-al-Zanji&#x304;yah wa-al-Nabat&#x323;i&#x304;yah wa-al-Surya&#x304;ni&#x304;yah wa-al-&#x2BB;Ibra&#x304;ni&#x304;yah wa-al-Ru&#x304;mi&#x304;yah wa-al-Barbari&#x304;yah.</marc:subfield>
         <marc:subfield code="c">Ta&#x2BC;li&#x304;f Jala&#x304;l al-Di&#x304;n &#x2BB;Abd al-Rah&#x323;ma&#x304;n ibn Abi&#x304; Bakr al-Suyu&#x304;ti. Wa-yali&#x304;hi min ta&#x2BC;li&#x304;fihi risa&#x304;lah fi&#x304; us&#x323;u&#x304;l al-kalima&#x304;t.</marc:subfield>
      </marc:datafield>
      <marc:datafield tag="260" ind1=" " ind2=" ">
         <marc:subfield code="6">880-03</marc:subfield>
         <marc:subfield code="a">Dimashq :</marc:subfield>
         <marc:subfield code="b">Maktabat al-Qudsi&#x304; wa-al-Badi&#x304;r,</marc:subfield>
         <marc:subfield code="c">1348 [1929 or 30]</marc:subfield>
      </marc:datafield>
      <marc:datafield tag="300" ind1=" " ind2=" ">
         <marc:subfield code="a">20 p.</marc:subfield>
         <marc:subfield code="c">22 cm.</marc:subfield>
      </marc:datafield>
      <marc:datafield tag="500" ind1=" " ind2=" ">
         <marc:subfield code="6">880-04</marc:subfield>
         <marc:subfield code="a">"Allaftu ha&#x304;dha&#x304; al-kita&#x304;b al-mukhtas&#x323;ar mulakhkhas&#x323;an min kita&#x304;bi&#x304; al-mabsu&#x304;t&#x323; al-masa&#x304;lik wa-sammaytuhu al-Mutawakkili&#x304;."</marc:subfield>
      </marc:datafield>
      <marc:datafield tag="500" ind1=" " ind2=" ">
         <marc:subfield code="6">880-05</marc:subfield>
         <marc:subfield code="a">"al-Us&#x323;u&#x304;l" : p. 14-20.</marc:subfield>
      </marc:datafield>
      <marc:datafield tag="630" ind1="0" ind2="0">
         <marc:subfield code="a">Qur&#x2BC;an</marc:subfield>
         <marc:subfield code="x">Language, style.</marc:subfield>
      </marc:datafield>
      <marc:datafield tag="650" ind1=" " ind2="0">
         <marc:subfield code="a">Arabic language</marc:subfield>
         <marc:subfield code="x">Foreign words and phrases.</marc:subfield>
      </marc:datafield>
      <marc:datafield tag="650" ind1=" " ind2="0">
         <marc:subfield code="a">Arabic language</marc:subfield>
         <marc:subfield code="x">Etymology.</marc:subfield>
      </marc:datafield>
      <marc:datafield tag="700" ind1="0" ind2="2">
         <marc:subfield code="6">880-06</marc:subfield>
         <marc:subfield code="a">Suyu&#x304;t&#x323;i&#x304;,</marc:subfield>
         <marc:subfield code="d">1445-1505.</marc:subfield>
         <marc:subfield code="t">Masa&#x304;lik.</marc:subfield>
      </marc:datafield>
      <marc:datafield tag="740" ind1="0" ind2=" ">
         <marc:subfield code="6">880-07</marc:subfield>
         <marc:subfield code="a">Risa&#x304;lah fi&#x304; us&#x323;u&#x304;l al-kalima&#x304;t.</marc:subfield>
      </marc:datafield>
      <marc:datafield tag="740" ind1="0" ind2=" ">
         <marc:subfield code="6">880-08</marc:subfield>
         <marc:subfield code="a">Us&#x323;u&#x304;l.</marc:subfield>
      </marc:datafield>
      <marc:datafield tag="880" ind1="0" ind2=" ">
         <marc:subfield code="6">100-01/r</marc:subfield>
         <marc:subfield code="a">&#x633;&#x64A;&#x648;&#x637;&#x64A;&#x60C;</marc:subfield>
         <marc:subfield code="d">1445-1505.</marc:subfield>
      </marc:datafield>
      <marc:datafield tag="880" ind1="1" ind2="2">
         <marc:subfield code="6">245-02/r</marc:subfield>
         <marc:subfield code="a">&#x627;&#x644;&#x645;&#x62A;&#x648;&#x643;&#x644;&#x64A; &#x641;&#x64A;&#x645;&#x627; &#x648;&#x631;&#x62F; &#x641;&#x64A; &#x627;&#x644;&#x642;&#x631;&#x622;&#x646; &#x628;&#x627;&#x644;&#x644;&#x63A;&#x629; &#x627;&#x644;&#x62D;&#x628;&#x634;&#x64A;&#x629; &#x648;&#x627;&#x644;&#x641;&#x627;&#x631;&#x633;&#x64A;&#x629; &#x648;&#x627;&#x644;&#x647;&#x646;&#x62F;&#x64A;&#x629; &#x648;&#x627;&#x644;&#x62A;&#x631;&#x643;&#x64A;&#x629; &#x648;&#x627;&#x644;&#x632;&#x646;&#x62C;&#x64A;&#x629; &#x648;&#x627;&#x644;&#x646;&#x628;&#x637;&#x64A;&#x629; &#x648;&#x627;&#x644;&#x633;&#x631;&#x64A;&#x627;&#x646;&#x64A;&#x629; &#x648;&#x627;&#x644;&#x639;&#x628;&#x631;&#x627;&#x646;&#x64A;&#x629; &#x648;&#x627;&#x644;&#x631;&#x648;&#x645;&#x64A;&#x629; &#x648;&#x627;&#x644;&#x628;&#x631;&#x628;&#x631;&#x64A;&#x629;.</marc:subfield>
         <marc:subfield code="c">&#x62A;&#x623;&#x644;&#x64A;&#x641; &#x62C;&#x644;&#x627;&#x644; &#x627;&#x644;&#x62F;&#x64A;&#x646; &#x639;&#x628;&#x62F; &#x627;&#x644;&#x631;&#x62D;&#x645;&#x646; &#x628;&#x646; &#x627;&#x628;&#x64A; &#x628;&#x643;&#x631; &#x627;&#x644;&#x633;&#x64A;&#x648;&#x62A;. &#x648;&#x64A;&#x644;&#x64A;&#x647; &#x645;&#x646; &#x62A;&#x623;&#x644;&#x64A;&#x641;&#x647; &#x631;&#x633;&#x627;&#x644;&#x629; &#x641;&#x64A; &#x627;&#x635;&#x648;&#x644; &#x627;&#x644;&#x643;&#x644;&#x645;&#x627;&#x62A;.</marc:subfield>
      </marc:datafield>
      <marc:datafield tag="880" ind1=" " ind2=" ">
         <marc:subfield code="6">260-03/r</marc:subfield>
         <marc:subfield code="a">&#x62F;&#x645;&#x634;&#x642; :</marc:subfield>
         <marc:subfield code="b">&#x645;&#x643;&#x62A;&#x628;&#x629; &#x627;&#x644;&#x642;&#x62F;&#x633;&#x64A; &#x648;&#x627;&#x644;&#x628;&#x62F;&#x64A;&#x631;&#x60C;</marc:subfield>
         <marc:subfield code="c">1348 [1929 or 30]</marc:subfield>
      </marc:datafield>
      <marc:datafield tag="880" ind1=" " ind2=" ">
         <marc:subfield code="6">500-04/r</marc:subfield>
         <marc:subfield code="a">"&#x644;&#x641;&#x62A; &#x647;&#x630;&#x647; &#x627;&#x644;&#x643;&#x62A;&#x627;&#x628; &#x627;&#x644;&#x645;&#x62E;&#x62A;&#x635;&#x631; &#x645;&#x644;&#x62E;&#x635;&#x646; &#x645;&#x646; &#x643;&#x62A;&#x627;&#x628;&#x64A; &#x627;&#x644;&#x645;&#x628;&#x633;&#x648;&#x637; &#x627;&#x644;&#x645;&#x633;&#x627;&#x644;&#x643; &#x648;&#x633;&#x645;&#x64A;&#x62A;&#x647; &#x627;&#x644;&#x645;&#x62A;&#x648;&#x643;&#x644;&#x64A;."</marc:subfield>
      </marc:datafield>
      <marc:datafield tag="880" ind1=" " ind2=" ">
         <marc:subfield code="6">500-05/r</marc:subfield>
         <marc:subfield code="a">"&#x627;&#x644;&#x627;&#x635;&#x648;&#x644;" : &#x635;. 14-20.</marc:subfield>
      </marc:datafield>
      <marc:datafield tag="880" ind1="0" ind2="2">
         <marc:subfield code="6">700-06/r</marc:subfield>
         <marc:subfield code="a">&#x633;&#x64A;&#x648;&#x637;&#x64A;&#x60C;</marc:subfield>
         <marc:subfield code="d">1445-1505.</marc:subfield>
         <marc:subfield code="t">&#x645;&#x633;&#x627;&#x644;&#x643;.</marc:subfield>
      </marc:datafield>
      <marc:datafield tag="880" ind1="0" ind2=" ">
         <marc:subfield code="6">740-07/r</marc:subfield>
         <marc:subfield code="a">&#x631;&#x633;&#x627;&#x644;&#x629; &#x641;&#x64A; &#x627;&#x635;&#x648;&#x644; &#x627;&#x644;&#x643;&#x644;&#x645;&#x627;&#x62A;.</marc:subfield>
      </marc:datafield>
      <marc:datafield tag="880" ind1="0" ind2=" ">
         <marc:subfield code="6">740-08/r</marc:subfield>
         <marc:subfield code="a">&#x627;&#x635;&#x648;&#x644;.</marc:subfield>
      </marc:datafield>
      <marc:datafield tag="998" ind1=" " ind2=" ">
         <marc:subfield code="a">09/29/83</marc:subfield>
         <marc:subfield code="s">9114</marc:subfield>
         <marc:subfield code="n">NjP</marc:subfield>
         <marc:subfield code="w">NJPG83B61576</marc:subfield>
         <marc:subfield code="d">09/12/83</marc:subfield>
         <marc:subfield code="c">RNG</marc:subfield>
         <marc:subfield code="b">MT</marc:subfield>
         <marc:subfield code="i">830929</marc:subfield>
         <marc:subfield code="l">NJPG</marc:subfield>
      </marc:datafield>
      <marc:datafield tag="911" ind1=" " ind2=" ">
         <marc:subfield code="a">19921028</marc:subfield>
      </marc:datafield>
      <marc:datafield tag="912" ind1=" " ind2=" ">
         <marc:subfield code="a">19960126052940.0</marc:subfield>
      </marc:datafield>
      <marc:datafield tag="994" ind1=" " ind2=" ">
         <marc:subfield code="a">C0</marc:subfield>
         <marc:subfield code="b">PUL</marc:subfield>
      </marc:datafield>
      <marc:datafield tag="999" ind1=" " ind2=" ">
         <marc:subfield code="a">174763</marc:subfield>
      </marc:datafield>
   </marc:record>
</marc:collection>
